@book{Bechmann1978,
	author = {Arnim Bechmann},
	pagetotal = {353},
	publisher = {Haupt},
	title = {{Nutzwertanalyse, Bewertungstheorie und Planung}},
	year = {1978},
	keywords = {mono}
}

@book{Clow2018,
	author = {Mark Clow},
	pagetotal = {458},
	publisher = {Apress},
	title = {{Angular 5 Projects}},
	year = {2018},
	keywords = {mono}
}

@book{Ford2020,
	author = {{Ford, Neal und Richards, Mark}},
	pagetotal = {580},
	publisher = {O'Reilly},
	title = {{Fundamentals of Software Architecture: An Engineering Approach}},
	year = {2020},
	keywords = {mono}
}

@book{Geers2020,
	address = {Shelter Island, NY, USA},
	author = {Geers, Michael},
	pagetotal = {176},
	publisher = {Manning},
	title = {{Micro Frontends in Action}},
	year = {2020},
	keywords = {mono}
}

@book{Kühnapfel2021b,
	author = {{Kühnapfel, Jörg B.}},
	pagetotal = {45},
	publisher = {Springer Fachmedien Wiesbaden},
	title = {{Nutzwertanalysen in Marketing und Vertrieb}},
	year = {2019},
	keywords = {mono}
}

@book{Mezzalira2021,
	author = {Luca Mezzalira},
	pagetotal = {317},
	publisher = {O'Reilly UK Ltd.},
	title = {{Building Micro-Frontends: Scaling Teams and Projects Empowering Developers}},
	year = {2021},
	keywords = {mono}
}

@book{Newman2021,
	author = {Sam Newman},
	pagetotal = {754},
	publisher = {O'Reilly Media Inc.},
	title = {{Building Microservices: Designing Fine-Grained Systems}},
	year = {2021},
	keywords = {mono}
}

@book{Schierenbeck2016,
	author = {{Schierenbeck, Henner und Wöhle, Claudia}},
	pagetotal = {929},
	publisher = {De Gruyter},
	title = {{Grundzüge der Betriebswirtschaftslehre}},
	year = {2016},
	keywords = {mono}
}

@book{Steyer2020,
	author = {Manfred Steyer},
	pagetotal = {98},
	publisher = {Leanpub},
	title = {{Enterprise Angular - DDD, Nx Monorepos and Micro Frontends}},
	year = {2020},
	keywords = {mono}
}

@book{Tremp2021,
	author = {Hansruedi Tremp},
	pagetotal = {180},
	publisher = {Springer Fachmedien Wiesbaden},
	title = {{Architekturen Verteilter Softwaresysteme}},
	year = {2021},
	keywords = {mono}
}

@book{Zangemeister1971,
	author = {Christof Zangemeister},
	pagetotal = {416},
	publisher = {Wittemann},
	title = {{Nutzwertanalyse in der Systemtechnik : eine Methodik zur multidimensionalen Bewertung und Auswahl von Projektalternativen}},
	year = {1971},
	keywords = {mono}
}












@misc{Alves2021,
	author = {Phil Alves},
	title = {{65 SaaS Statistics and Trends for 2022}},
	url = {https://devsquad.com/blog/saas-statistics/#},
	urldate = {2022-04-13},
	year = {2021},
	keywords = {web}
}

@misc{Angular2021a,
	author = {{Angular}},
	title = {{Angular Roadmap}},
	url = {https://angular.io/guide/roadmap#investigate-micro-frontend-architecture-for-scalable-development-processes},
	urldate = {2022-04-01},
	year = {2021},
	keywords = {web}
}

@misc{Angular2022a,
	author = {{Angular}},
	title = {{ViewEncapsulation}},
	url = {https://angular.io/api/core/ViewEncapsulation},
	urldate = {2022-04-01},
	year = {2022},
	keywords = {web}
}

@misc{Angular2022b,
	author = {{Angular}},
	title = {{Upgrading from AngularJS to Angular}},
	url = {https://angular.io/guide/upgrade},
	urldate = {2022-04-01},
	year = {2022},
	keywords = {web}
}

@misc{Angular2022c,
	author = {{Angular}},
	title = {{Using Angular routes in a single-page application}},
	url = {https://angular.io/guide/router-tutorial},
	urldate = {2022-04-01},
	year = {2022},
	keywords = {web}
}

@misc{Angular2022d,
	author = {{Angular}},
	title = {{Introduction to modules}},
	url = {https://angular.io/guide/architecture-modules},
	urldate = {2022-04-01},
	year = {2022},
	keywords = {web}
}

@misc{Angular2022e,
	author = {{Angular}},
	title = {{Introduction to components and templates}},
	url = {https://angular.io/guide/architecture-components},
	urldate = {2022-04-01},
	year = {2022},
	keywords = {web}
}

@misc{Angular2022f,
	author = {{Angular}},
	title = {{Introduction to services and dependency injection}},
	url = {https://angular.io/guide/architecture-services},
	urldate = {2022-04-01},
	year = {2022},
	keywords = {web}
}

@misc{Angular2022g,
	author = {{Angular}},
	title = {{Webpack: An Introduction}},
	url = {https://v5.angular.io/guide/webpack},
	urldate = {2022-04-01},
	year = {2022},
	keywords = {web}
}

@misc{Angular2022h,
	author = {{Angular}},
	title = {{Creating libraries}},
	url = {https://angular.io/guide/creating-libraries},
	urldate = {2022-04-01},
	year = {2022},
	keywords = {web}
}


@misc{CloudFoundryDocumentation2020,
	author = {{Cloud Foundry Documentation}},
	title = {{Using Blue-Green Deployment to Reduce Downtime and Risk}},
	url = {https://docs.cloudfoundry.org/devguide/deploy-apps/blue-green.html},
	urldate = {2022-04-01},
	year = {2020},
	keywords = {web}
}

@misc{CustomElementsEverywhere2022,
	author = {{Custom Elements Everywhere}},
	title = {{Custom Elements Everywhere - Making sure frameworks and custom elements can be BFFs}},
	url = {https://custom-elements-everywhere.com/},
	urldate = {2022-04-01},
	year = {2022},
	keywords = {web}
}

@misc{ElHousieny2021,
	author = {Rany ElHousieny},
	title = {{Micro Frontends Step by Step Using React, Webpack 5, and Module Federation With Deployment to AWS}},
	url = {https://levelup.gitconnected.com/micro-frontends-step-by-step-using-react-webpack-5-and-module-federation-e4b9d840ec71},
	urldate = {2022-04-01},
	year = {2021},
	keywords = {web}
}

@misc{Engel2021,
	author = {Elisabeth Engel},
	title = {{Micro Frontends by Elisabeth Engel}},
	url = {https://micro-frontends.zeef.com/elisabeth.engel?ref=elisabeth.engel&share=ee53d51a914b4951ae5c94ece97642fc},
	urldate = {2022-04-01},
	year = {2021},
	keywords = {web}
}

@misc{Erni2020,
	author = {Iris Erni},
	title = {{Das Zusammenspiel in der Webentwicklung: HTML/CSS und JavaScript}},
	url = {https://www.netzwoche.ch/news/2020-04-02/das-zusammenspiel-in-der-webentwicklung-htmlcss-und-javascript},
	urldate = {2022-04-01},
	year = {2020},
	keywords = {web}
}

@misc{Gechev2021,
	author = {Minko Gechev},
	title = {{Tweet}},
	url = {https://twitter.com/mgechev/status/1400594820297490434?s=20&t=lhPZ-_vsCZUNEhYQmeq8QQ},
	urldate = {2022-04-01},
	year = {2021},
	keywords = {web}
}

@misc{Github2021,
	author = {Github},
	title = {{docs clarify support for ViewEncapsulation.ShadowDom 13837}},
	url = {https://github.com/angular/components/issues/13837},
	urldate = {2022-04-01},
	year = {2021},
	keywords = {web}
}

@misc{GoogleSearchCentral2022,
	author = {{Google Search Central}},
	title = {{Rich media file best practice}},
	url = {https://developers.google.com/search/docs/advanced/guidelines/rich-media-files?hl=en&visit_id=637823382538009300-1653091508&rd=1},
	urldate = {2022-04-01},
	year = {2022},
	keywords = {web}
}

@misc{Gunawardhana2021,
	author = {{Gunawardhana, Piumi Liyana}},
	title = {{4 IFrame Security Concerns You Should Know}},
	url = {https://blog.bitsrc.io/4-security-concerns-with-iframes-every-web-developer-should-know-24c73e6a33e4},
	urldate = {2022-04-01},
	year = {2022},
	keywords = {web}
}

@misc{Handler2020,
	author = {{Handler, Gidon}},
	title = {{Angular ViewEncapsulation.ShadowDom}},
	url = {https://gidon-handler.medium.com/angular-viewencapsulation-shadowdom-50df50e2406b},
	urldate = {2022-04-01},
	year = {2020},
	keywords = {web}
}

@misc{IBM2019,
	author = {{IBM}},
	title = {{CAP Theorem}},
	url = {https://www.ibm.com/cloud/learn/cap-theorem},
	urldate = {2022-04-09},
	year = {2019},
	keywords = {web}
}

@misc{Henry2021,
	author = {{Henry, Eze}},
	title = {{Implementing Webpack’s Module federation in a Vue 2 application.}},
	url = {https://medium.com/geekculture/implementing-webpacks-module-federation-in-a-vue-2-application-38997c696094},
	urldate = {2022-04-01},
	year = {2021},
	keywords = {web}
}

@misc{Jackson2020b,
	author = {Zack Jackson},
	title = {{Merge Proposal: Module federation and code sharing between bundles. Many builds act as one}},
	url = {https://github.com/webpack/webpack/issues/10352},
	urldate = {2022-04-01},
	year = {2020},
	keywords = {web}
}

@misc{Kashcha2019,
	author = {Andrei Kashcha},
	title = {{Top 1000 most depended-upon packages}},
	url = {https://gist.github.com/anvaka/8e8fa57c7ee1350e3491},
	urldate = {2022-04-01},
	year = {2019},
	keywords = {web}
}

@misc{Lünendonk2021,
	author = {Lünendonk},
	title = {{Cloud-native Software Development}},
	url = {https://www.luenendonk.de/produkte/studien-publikationen/luenendonk-studie-2021-cloud-native-software-development-it/},
	urldate = {2022-04-01},
	year = {2021},
	keywords = {web}
}

@misc{MDNWebDocs2021a,
	author = {{MDN Web Docs}},
	title = {{iframe - The Inline Frame element}},
	url = {https://developer.mozilla.org/en-US/docs/Web/HTML/Element/iframe},
	urldate = {2022-04-01},
	year = {2021},
	keywords = {web}
}

@misc{MDNWebDocs2022a,
	author = {{MDN Web Docs}},
	title = {Web Components},
	url = {https://developer.mozilla.org/en-US/docs/Web/Web_Components},
	urldate = {2022-04-01},
	year = {2022},
	keywords = {web}
}

@misc{MDNWebDocs2022b,
	author = {{MDN Web Docs}},
	title = {CustomEvent},
	url = {https://developer.mozilla.org/en-US/docs/Web/API/CustomEvent},
	urldate = {2022-04-01},
	year = {2022},
	keywords = {web}
}

@misc{Microsoft2021a,
	author = {{Microsoft Azure}},
	title = {{Create a dashboard in the Azure portal}},
	url = {https://docs.microsoft.com/en-us/azure/azure-portal/azure-portal-dashboards},
	urldate = {2022-04-01},
	year = {2021},
	keywords = {web}
}

@misc{Microsoft2021b,
	author = {{Microsoft}},
	title = {{Lifecycle FAQ - Internet Explorer and Microsoft Edge}},
	url = {https://docs.microsoft.com/en-us/lifecycle/faq/internet-explorer-microsoft-edge},
	urldate = {2022-04-01},
	year = {2021},
	keywords = {web}
}

@misc{nginx2022,
	author = {{nginx}},
	title = {{What is NGINX?}},
	url = {https://www.nginx.com/resources/glossary/nginx/},
	urldate = {2022-04-01},
	year = {2022},
	keywords = {web}
}

@misc{npm2022,
	author = {{npm Docs}},
	title = {{Creating an organization}},
	url = {https://docs.npmjs.com/creating-an-organization},
	urldate = {2022-04-01},
	year = {2022},
	keywords = {web}
}

@misc{Rauber2020d,
	author = {Manuel Rauber},
	title = {{Data Sharing and Framework Integration: Perks and Flaws Series - Part 4}},
	url = {https://www.thinktecture.com/en/web-components/data-sharing-and-frameworks/},
	urldate = {2022-04-01},
	year = {2020},
	keywords = {web}
}

@misc{Rauber2021,
	author = {Manuel Rauber},
	title = {{EINSTIEG IN DIE FABELHAFTE WELT DER WEB COMPONENTS}},
	url = {https://basta.net/blog/einstieg-in-die-fabelhafte-welt-der-web-components/},
	urldate = {2022-04-01},
	year = {2021},
	keywords = {web}
}

@misc{Statista2020a,
	author = {Statista},
	title = {{Most exciting technologies for people working with application programming interfaces (APIs) worldwide as of 2020}},
	url = {https://www.statista.com/statistics/1083227/worldwide-api-important-technologies/},
	urldate = {2022-04-01},
	year = {2020},
	keywords = {web}
}

@misc{Statista2022,
	author = {Statista},
	title = {{Marktanteile der führenden Browserfamilien an der Internetnutzung in Deutschland von Januar 2009 bis Januar 2022}},
	url = {https://de.statista.com/statistik/daten/studie/13007/umfrage/marktanteile-der-browser-bei-der-internetnutzung-in-deutschland-seit-2009/},
	urldate = {2022-04-01},
	year = {2022},
	keywords = {web}
}

@misc{Statista2022b,
	author = {Statista},
	title = {{Most used web frameworks among developers worldwide, as of 2021}},
	url = {https://www.statista.com/statistics/1124699/worldwide-developer-survey-most-used-frameworks-web/},
	urldate = {2022-04-01},
	year = {2022},
	keywords = {web}
}

@misc{Steyer2018,
	author = {Manfred Steyer},
	title = {{A Software Architect’s Approach Towards}},
	url = {https://www.angulararchitects.io/aktuelles/a-software-architects-approach-towards/},
	urldate = {2022-04-01},
	year = {2018},
	keywords = {web}
}

@misc{Steyer2020a,
	author = {Manfred Steyer},
	title = {{The Microfrontend Revolution: Module Federation with Angular}},
	url = {https://www.angulararchitects.io/aktuelles/the-microfrontend-revolution-part-2-module-federation-with-angular/},
	urldate = {2022-04-01},
	year = {2020},
	keywords = {web}
}

@misc{Steyer2021a,
	author = {Manfred Steyer},
	title = {{Multi-Framework and -Version Micro Frontends with Module Federation: The Good, the Bad, the Ugly}},
	url = {https://www.angulararchitects.io/en/aktuelles/multi-framework-and-version-micro-frontends-with-module-federation-the-good-the-bad-the-ugly/},
	urldate = {2022-04-01},
	year = {2021},
	keywords = {web}
}

@misc{Steyer2021c,
	author = {Manfred Steyer},
	title = {{The Microfrontend Revolution: Module Federation in Webpack 5}},
	url = {https://www.angulararchitects.io/aktuelles/the-microfrontend-revolution-module-federation-in-webpack-5/},
	urldate = {2022-04-01},
	year = {2021},
	keywords = {web}
}

@misc{Steyer2021d,
	author = {Manfred Steyer},
	title = {{Using Module Federation with (Nx) Monorepos and Angular}},
	url = {https://www.angulararchitects.io/aktuelles/using-module-federation-with-monorepos-and-angular/},
	urldate = {2022-04-01},
	year = {2021},
	keywords = {web}
}

@misc{Steyer2021e,
	author = {Manfred Steyer},
	title = {{Getting Out of Version-Mismatch-Hell with Module Federation}},
	url = {https://www.angulararchitects.io/aktuelles/getting-out-of-version-mismatch-hell-with-module-federation/},
	urldate = {2022-04-01},
	year = {2021},
	keywords = {web}
}

@misc{Steyer2021f,
	author = {Manfred Steyer},
	title = {{manfredsteyer module-federation-nx-mono-repo}},
	url = {https://github.com/manfredsteyer/module_federation_nx_mono_repo/tree/main/libs/auth-lib},
	urldate = {2022-04-04},
	year = {2021},
	keywords = {web}
}

@misc{Steyer2022a,
	author = {Manfred Steyer},
	title = {{Micro Frontends with Angular, Module Federation, and Auth0}},
	url = {https://auth0.com/blog/micro-frontends-with-angular-module-federation-and-auth0/},
	urldate = {2022-04-01},
	year = {2022},
	keywords = {web}
}

@misc{Thompson2021,
	author = {Mark Thompson},
	title = {{Angular v13 is now Available}},
	url = {https://blog.angular.io/angular-v13-is-now-available-cce66f7bc296},
	urldate = {2022-04-01},
	year = {2022},
	keywords = {web}
}

@misc{Thoenes2015,
	author = {Johannes Thönes},
	title = {{Microservices}},
	url = {https://ieeexplore.ieee.org/abstract/document/7030212},
	urldate = {2022-04-01},
	year = {2015},
	keywords = {web}
}

@misc{Thoughtworks2020,
	author = {Thoughtworks},
	title = {{Micro frontends}},
	url = {https://www.thoughtworks.com/radar/techniques/micro-frontends},
	urldate = {2022-04-01},
	year = {2020},
	keywords = {web}
}

@misc{unbounce2022,
	author = {unbounce},
	title = {{Think Fast - The Page Speed Report - Stats and Trends for Marketers}},
	url = {https://unbounce.com/page-speed-report/},
	urldate = {2022-04-10},
	year = {2022},
	keywords = {web}
}

@misc{W3Schools2022,
	author = {W3Schools},
	title = {{HTML <template> Tag}},
	url = {https://www.w3schools.com/TAGS/tag_template.asp},
	urldate = {2022-04-06},
	year = {2022},
	keywords = {web}
}

@misc{Webpack2020a,
	author = {Webpack},
	title = {{Webpack 5 release}},
	url = {https://webpack.js.org/blog/2020-10-10-webpack-5-release/},
	urldate = {2022-04-01},
	year = {2020},
	keywords = {web}
}

@misc{Webpack2020b,
	author = {Webpack},
	title = {{Module Federation}},
	url = {https://webpack.js.org/concepts/module-federation/},
	urldate = {2022-04-01},
	year = {2020},
	keywords = {web}
}
